<record xmlns='http://www.loc.gov/MARC21/slim'><leader>01693cim a22003612u 4500</leader><controlfield tag='001'>3600626</controlfield><controlfield tag='005'>20151214182638.0</controlfield><controlfield tag='007'>ss|lmnjluz|nuu</controlfield><controlfield tag='008'>991101s1988    nyunnn         l    eng d</controlfield><datafield ind1=' ' ind2=' ' tag='035'><subfield code='a'>(NIC)notisASF7691</subfield></datafield><datafield ind1=' ' ind2=' ' tag='035'><subfield code='a'>3600626</subfield></datafield><datafield ind1=' ' ind2=' ' tag='035'><subfield code='a'>(OCoLC)63896344</subfield></datafield><datafield ind1=' ' ind2=' ' tag='040'><subfield code='a'>NIC</subfield><subfield code='c'>NIC</subfield><subfield code='d'>NIC</subfield><subfield code='d'>NIC</subfield></datafield><datafield ind1='1' ind2=' ' tag='100'><subfield code='a'>Chien, Frederick F.</subfield><subfield code='q'>(Frederick Foo),</subfield><subfield code='d'>1935- </subfield></datafield><datafield ind1='1' ind2='4' tag='245'><subfield code='a'>The Republic of China on Taiwan and her relations with the United States</subfield><subfield code='h'>[sound recording]</subfield></datafield><datafield ind1=' ' ind2=' ' tag='260'><subfield code='c'>1988.</subfield></datafield><datafield ind1=' ' ind2=' ' tag='300'><subfield code='a'>1 sound cassette (75 min.) :</subfield><subfield code='b'>analog, mono.</subfield></datafield><datafield ind1=' ' ind2=' ' tag='500'><subfield code='a'>Recorded in Ithaca, NY by Cornell University.</subfield></datafield><datafield ind1=' ' ind2=' ' tag='500'><subfield code='a'>Accompanied by: Notes.</subfield></datafield><datafield ind1=' ' ind2=' ' tag='500'><subfield code='a'>Sponsored by: East Asia Program,Dean&apos;s Office of the Graduate School,Johnson Graduate School of Management Federation of Alumni from Taiwan.</subfield></datafield><datafield ind1=' ' ind2=' ' tag='500'><subfield code='a'>Speaker(s): Representative of the Coordination Council for North American Affairs, a non-diplomatic mission maintained by the Nationalist Chinese government in the United States.</subfield></datafield><datafield ind1=' ' ind2=' ' tag='518'><subfield code='a'>Lecture, April 12, 1988.</subfield></datafield><datafield ind1=' ' ind2=' ' tag='520'><subfield code='a'>Discusses the relationship between the Republic of China and the United States on both an economic and political level, particularly after the U.S. non-recognition of Taiwan in 1979.</subfield></datafield><datafield ind1=' ' ind2='0' tag='651'><subfield code='a'>China</subfield><subfield code='x'>Foreign relations.</subfield></datafield><datafield ind1=' ' ind2='0' tag='651'><subfield code='a'>China</subfield><subfield code='x'>Economic policy.</subfield></datafield><datafield ind1=' ' ind2='0' tag='651'><subfield code='a'>China</subfield><subfield code='x'>Politics and government.</subfield></datafield><datafield ind1=' ' ind2='7' tag='650'><subfield code='a'>Diplomatic relations</subfield><subfield code='2'>fast</subfield><subfield code='0'>(OCoLC)fst01907412</subfield></datafield><datafield ind1=' ' ind2='7' tag='650'><subfield code='a'>Economic policy</subfield><subfield code='2'>fast</subfield><subfield code='0'>(OCoLC)fst00902025</subfield></datafield><datafield ind1=' ' ind2='7' tag='650'><subfield code='a'>Political science</subfield><subfield code='2'>fast</subfield><subfield code='0'>(OCoLC)fst01069781</subfield></datafield><datafield ind1=' ' ind2='7' tag='651'><subfield code='a'>China</subfield><subfield code='2'>fast</subfield><subfield code='0'>(OCoLC)fst01206073</subfield></datafield><datafield ind1='1' ind2=' ' tag='899'><subfield code='a'>CULectures</subfield></datafield><datafield ind1=' ' ind2=' ' tag='905'><subfield code='a'>20000310120000.0</subfield></datafield><datafield ind1='2' ind2=' ' tag='948'><subfield code='a'>20141221</subfield><subfield code='b'>m</subfield><subfield code='d'>batch</subfield><subfield code='e'>lts</subfield><subfield code='x'>addfast</subfield></datafield></record>